@inproceedings{moura2008z3,
  title={Z3: An efficient SMT solver},
  author={Moura, Leonardo de and Bj{\o}rner, Nikolaj},
  booktitle={International conference on Tools and Algorithms for the Construction and Analysis of Systems},
  pages={337--340},
  year={2008},
  organization={Springer}
}

@techreport{BarFT-RR-17,
  author =	 {Clark Barrett and Pascal Fontaine and Cesare Tinelli},
  title =	 {{The SMT-LIB Standard: Version 2.6}},
  institution =	 {Department of Computer Science, The University of Iowa},
  year =	 2017,
  note =	 {Available at {\tt www.SMT-LIB.org}}
}

@inproceedings{bjorner2018programming,
  title={Programming Z3},
  author={Bj{\o}rner, Nikolaj and Moura, Leonardo de and Nachmanson, Lev and Wintersteiger, Christoph M},
  booktitle={International Summer School on Engineering Trustworthy Software Systems},
  pages={148--201},
  year={2018},
  organization={Springer}
}
